@article{DBLP:journals/jr/JiaWXKS17,
  author    = {YuKang Jia and
               Zhicheng Wu and
               Yanyan Xu and
               Dengfeng Ke and
               Kaile Su},
  title     = {Long Short-Term Memory Projection Recurrent Neural Network Architectures
               for Piano's Continuous Note Recognition},
  journal   = {J. Robotics},
  volume    = {2017},
  pages     = {2061827:1--2061827:7},
  year      = {2017},
  url       = {https://doi.org/10.1155/2017/2061827},
  doi       = {10.1155/2017/2061827},
  timestamp = {Fri, 24 Nov 2017 13:54:26 +0100},
  biburl    = {https://dblp.org/rec/bib/journals/jr/JiaWXKS17},
  bibsource = {dblp computer science bibliography, https://dblp.org}
}
@article{DBLP:journals/mta/GuoLBGL18,
  author    = {Yanming Guo and
               Yu Liu and
               Erwin M. Bakker and
               Yuanhao Guo and
               Michael S. Lew},
  title     = {{CNN-RNN:} a large-scale hierarchical image classification framework},
  journal   = {Multimedia Tools Appl.},
  volume    = {77},
  number    = {8},
  pages     = {10251--10271},
  year      = {2018},
  url       = {https://doi.org/10.1007/s11042-017-5443-x},
  doi       = {10.1007/s11042-017-5443-x},
  timestamp = {Sat, 05 May 2018 23:05:31 +0200},
  biburl    = {https://dblp.org/rec/bib/journals/mta/GuoLBGL18},
  bibsource = {dblp computer science bibliography, https://dblp.org}
}
@article{DBLP:journals/corr/abs-1802-05577,
  author    = {Reza Ghaeini and
               Sadid A. Hasan and
               Vivek V. Datla and
               Joey Liu and
               Kathy Lee and
               Ashequl Qadir and
               Yuan Ling and
               Aaditya Prakash and
               Xiaoli Z. Fern and
               Oladimeji Farri},
  title     = {DR-BiLSTM: Dependent Reading Bidirectional {LSTM} for Natural Language
               Inference},
  journal   = {CoRR},
  volume    = {abs/1802.05577},
  year      = {2018},
  url       = {http://arxiv.org/abs/1802.05577},
  archivePrefix = {arXiv},
  eprint    = {1802.05577},
  timestamp = {Thu, 01 Mar 2018 19:20:48 +0100},
  biburl    = {https://dblp.org/rec/bib/journals/corr/abs-1802-05577},
  bibsource = {dblp computer science bibliography, https://dblp.org}
}